%
%   参考文献リスト
%
%

@book{Book:KANZAKI-RDF,
    sortname = "KANZAKI, Masahide",
    author = "神崎 正英",
    title = "セマンティック・ウェブのためのRDF/OWL入門",
    publisher = "森北出版",
    year = 2005,
    isbn = "978-4627829312",
    url = "http://www.kanzaki.com/book/rdf/"
}

@book{Book:KANZAKI-SHX,
    sortname = "KANZAKI, Masahide",
    author = "神崎 正英",
    title = "セマンティックHTML/XHTML",
    publisher = "毎日コミュニケーションズ",
    year = 2009,
    isbn = "978-4839931957",
    url = "http://www.kanzaki.com/book/shx/"
}

@book{Book:CCJP,
    sortname = "LESSIG, Lawrence",
    author = "Lawrence Lessig and 椙山 敬士 and 上村 圭介 and 林 紘一郎 and 若槻 絵美 and 土屋 大洋",
    editor = "クリエイティブ・コモンズ・ジャパン",
    title = "クリエイティブ・コモンズ―デジタル時代の知的財産権",
    publisher = "NTT出版",
    year = 2005,
    isbn = "978-4757101524"
}

@book{Book:NAWA-CR2,
    sortname = "NAWA, Kotaro",
    author = "名和 小太郎",
    title = "著作権2.0 ウェブ時代の文化発展をめざして",
    publisher = "エヌティティ出版",
    year = 2010,
    isbn = "978-4757102859"
}

@book{Book:NOGUCHI-COPY,
    sortname = "NOGUCHI, Yuko",
    author = "野口 祐子",
    title = "デジタル時代の著作権",
    publisher = "筑摩書房",
    year = 2010,
    isbn = "978-4480065735",
    note = "Kindle版あり"
}

@book{Book:CHEN-FC,
    sortname = "CHEN, Dominick",
    author = "Dominick Chen",
    title = "フリーカルチャーをつくるためのガイドブック クリエイティブ・コモンズによる創造の循環",
    publisher = "フィルムアート社",
    year = 2012,
    isbn = "978-4845911745"
}

